<record><leader>00000cas a22000007a 4500</leader><controlfield tag="001">12654607</controlfield><controlfield tag="008">851010d196719uuwiuwr ne      0    0eng d</controlfield><datafield ind1=" " ind2=" " tag="010"><subfield code="a">sn 85041334 </subfield></datafield><datafield ind1=" " ind2=" " tag="040"><subfield code="a">NPV</subfield><subfield code="b">eng</subfield><subfield code="c">NPV</subfield><subfield code="d">OCLCQ</subfield></datafield><datafield ind1=" " ind2=" " tag="042"><subfield code="a">msc</subfield></datafield><datafield ind1=" " ind2=" " tag="045"><subfield code="a">x6x-</subfield></datafield><datafield ind1=" " ind2=" " tag="052"><subfield code="a">4123</subfield><subfield code="b">C7</subfield></datafield><datafield ind1="0" ind2=" " tag="130"><subfield code="a">Prairie news (Prairie du Chien, Wis.)</subfield></datafield><datafield ind1="1" ind2="0" tag="245"><subfield code="a">Prairie news.</subfield></datafield><datafield ind1=" " ind2=" " tag="260"><subfield code="a">Prairie du Chien, Wis. :</subfield><subfield code="b">Prairie Pub.,</subfield><subfield code="c">1967-</subfield></datafield><datafield ind1=" " ind2=" " tag="300"><subfield code="a">v. :</subfield><subfield code="b">ill.</subfield></datafield><datafield ind1=" " ind2=" " tag="310"><subfield code="a">Weekly</subfield></datafield><datafield ind1="0" ind2=" " tag="362"><subfield code="a">Vol. 1, no. 1 (Nov. 22, 1967)-</subfield></datafield><datafield ind1=" " ind2=" " tag="500"><subfield code="a">"Serving Southwest Wisconsin and Northeast Iowa."</subfield></datafield><datafield ind1=" " ind2=" " tag="500"><subfield code="a">Editors: G. Peckham, Nov. 22, 1967-Feb. 7, 1968; A.W. Winter, Feb. 14-28, 1968; D. Eastman, March 7-April 11, 1968; M. Shihata, April 18-Aug. 22, 1968; M. Quimby, Sept. 19, 1968-&lt;Oct. 16, 1969&gt;.</subfield></datafield><datafield ind1=" " ind2=" " tag="530"><subfield code="a">Available on microfilm from The State Historical Society of Wisconsin.</subfield></datafield><datafield ind1=" " ind2=" " tag="752"><subfield code="a">United States</subfield><subfield code="b">Wisconsin</subfield><subfield code="c">Crawford</subfield><subfield code="d">Prairie du Chien.</subfield></datafield><datafield ind1="1" ind2=" " tag="029"><subfield code="a">AU@</subfield><subfield code="b">000025293031</subfield></datafield></record>